%% This BibTeX bibliography file was created using BibDesk.
%% http://bibdesk.sourceforge.net/

%% Created for Ashley Holmes at 2016-12-04 21:17:13 +0000 


%% Saved with string encoding Unicode (UTF-8) 



@webpage{AIAN-16,
	Date-Added = {2016-12-04 21:09:54 +0000},
	Date-Modified = {2016-12-04 21:17:09 +0000},
	Lastchecked = {4 December 2016},
	Month = {December},
	Url = {http://www.agilenutshell.com/},
	Year = {2016},
	Bdsk-Url-1 = {http://www.agilenutshell.com/}}

@webpage{Writing2016,
	Date-Added = {2016-10-26 17:16:01 +0000},
	Date-Modified = {2016-10-26 17:16:40 +0000},
	Lastchecked = {26 October 2016},
	Month = {October},
	Url = {http://twp.duke.edu/uploads/media_items/research-questions.original.pdf},
	Year = {2016},
	Bdsk-Url-1 = {http://twp.duke.edu/uploads/media_items/research-questions.original.pdf}}

@webpage{Agile2016,
	Date-Added = {2016-10-26 17:14:11 +0000},
	Date-Modified = {2016-10-26 17:15:04 +0000},
	Lastchecked = {26 October 2016},
	Month = {October},
	Url = {http://agilemethodology.org/},
	Year = {2016},
	Bdsk-Url-1 = {http://agilemethodology.org/}}

@webpage{Esf2016,
	Date-Added = {2016-10-26 17:13:13 +0000},
	Date-Modified = {2016-10-26 17:13:59 +0000},
	Lastchecked = {26 October 2016},
	Month = {October},
	Url = {http://www.esf.ie/en/},
	Year = {2016},
	Bdsk-Url-1 = {http://www.esf.ie/en/}}

@webpage{Cso2016,
	Date-Added = {2016-10-26 17:10:27 +0000},
	Date-Modified = {2016-10-26 17:12:00 +0000},
	Lastchecked = {26 October 2016},
	Month = {October},
	Url = {http://www.cso.ie/en/releasesandpublications/er/mue/monthlyunemploymentseptember2016/},
	Year = {2016},
	Bdsk-Url-1 = {http://www.cso.ie/en/releasesandpublications/er/mue/monthlyunemploymentseptember2016/}}

@webpage{Citizens2016,
	Date-Added = {2016-10-26 17:07:37 +0000},
	Date-Modified = {2016-10-26 20:28:45 +0000},
	Lastchecked = {26 October 2016},
	Month = {October},
	Url = {http://www.citizensinformation.ie/en/education/third_level_education/applying_to_college/third_level_places_for_unemployed_people.html},
	Year = {2016},
	Bdsk-Url-1 = {http://www.citizensinformation.ie/en/education/third_level_education/applying_to_college/third_level_places_for_unemployed_people.html}}

@article{SKALBAN20121151,
	Author = {Yvonne SKALBAN and Le An HA and Lucia SPECIA and Ruslan MITKOV},
	Date-Added = {2016-10-26 17:04:01 +0000},
	Date-Modified = {2016-10-26 20:46:50 +0000},
	Journal = {COLING 2012},
	Month = {December},
	Pages = {1151--1160},
	Title = {Automatic question generation in multimedia-based learning},
	Year = {2012},
	Bdsk-Url-1 = {http://www.aclweb.org/anthology/C12-2112}}

@article{Singh201581,
	Author = {Sandeep Singh Yadav and Mandeep Singh Yadav},
	Date-Added = {2016-10-26 16:58:22 +0000},
	Date-Modified = {2016-10-26 17:00:14 +0000},
	Journal = {I.J. Information Technology and Computer Science},
	Month = {November},
	Pages = {81 - 88},
	Title = {Development of System for Automated & Secure Generation of Content (ASCGS)},
	Year = {2015},
	Bdsk-Url-1 = {http://www.mecs-press.org/ijitcs/ijitcs-v7-n11/IJITCS-V7-N11-10.pdf}}

@article{Choudhary2015174,
	Author = {Surbhi Choudhary and Abdul Rais Abdul Waheed and Shrutika Gawandi and Kavita Joshi},
	Date-Added = {2016-10-26 16:55:44 +0000},
	Date-Modified = {2016-10-26 16:57:58 +0000},
	Journal = {International Journal of Computer Science Trends and Technology},
	Month = {September - October},
	Number = {5},
	Pages = {174 - 176},
	Title = {Question Paper Generator System},
	Volume = {3},
	Year = {2015},
	Bdsk-Url-1 = {http://www.ijcstjournal.org/volume-3/issue-5/IJCST-V3I5P28.pdf}}

@article{Bhirangi201428,
	Author = {Rohan Bhirangi and Smita Bhoir},
	Date-Added = {2016-10-26 16:41:46 +0000},
	Date-Modified = {2016-10-26 16:50:56 +0000},
	Journal = {International Journal of Emerging Research in Management &Technology},
	Month = {April},
	Number = {4},
	Pages = {28 - 34},
	Title = {Automated Question Paper Generation System},
	Volume = {5},
	Year = {2016},
	Bdsk-Url-1 = {http://www.ermt.net/docs/papers/Volume_5/4_April2016/V5N4-126.pdf}}

@article{Naik2014192,
	Author = {Kapil Naik and Shreyas Sule and Shruti Jadhav and Surya Pandey},
	Date-Added = {2016-10-26 16:34:26 +0000},
	Date-Modified = {2016-10-26 16:51:26 +0000},
	Journal = {International Journal of Engineering and Technical Research},
	Month = {December},
	Number = {12},
	Pages = {192 - 194},
	Title = {Automatic Question Paper Generation System using Randomization Algorithm},
	Volume = {2},
	Year = {2014},
	Bdsk-Url-1 = {https://www.erpublication.org/admin/vol_issue1/upload%20Image/IJETR023018.pdf}}

@article{Cen20101339,
	Author = {Guang Cen and Yuxiao Dong and Wanlin Gao and Lina Yu and Simon See and Qing Wang and Ying Yang and Hongbiao Jiang},
	Date-Added = {2016-10-26 16:18:19 +0000},
	Date-Modified = {2016-10-26 16:18:19 +0000},
	Doi = {http://dx.doi.org/10.1016/j.mcm.2009.11.010},
	Issn = {0895-7177},
	Journal = {Mathematical and Computer Modelling},
	Keywords = {JSP},
	Note = {Mathematical and Computer Modelling in Agriculture},
	Number = {11--12},
	Pages = {1339 - 1342},
	Title = {A implementation of an automatic examination paper generation system},
	Url = {http://www.sciencedirect.com/science/article/pii/S0895717709004099},
	Volume = {51},
	Year = {2010},
	Bdsk-Url-1 = {http://www.sciencedirect.com/science/article/pii/S0895717709004099},
	Bdsk-Url-2 = {http://dx.doi.org/10.1016/j.mcm.2009.11.010}}

@article{Kaur2014104,
	Author = {Ramandeep Kaur and Shilpy Bansal},
	Date-Added = {2016-10-26 16:12:16 +0000},
	Date-Modified = {2016-10-26 16:50:28 +0000},
	Journal = {International Journal of Emerging Trends & Technology in Computer Science (IJETTCS)},
	Month = {November - December},
	Number = {6},
	Pages = {104 - 106},
	Title = {A Review on various Techniques for Automatic Question Generation},
	Volume = {3},
	Year = {2014},
	Bdsk-Url-1 = {http://www.ijettcs.org/Volume3Issue6/IJETTCS-2014-12-03-84.pdf}}

@misc{GC-16,
	Author = {Ashley Holmes},
	Date-Added = {2016-10-26 09:41:31 +0000},
	Date-Modified = {2016-10-26 09:42:34 +0000},
	Month = {October},
	Title = {Gantt Chart},
	Year = {2016}}

@webpage{TP-16,
	Date-Added = {2016-10-26 09:17:53 +0000},
	Date-Modified = {2016-10-26 09:44:21 +0000},
	Lastchecked = {26 October 2016},
	Month = {October},
	Url = {https://www.tutorialspoint.com/sdlc/sdlc_agile_model.htm},
	Year = {2016},
	Bdsk-Url-1 = {https://www.tutorialspoint.com/sdlc/sdlc_agile_model.htm}}
